@book{xie2018rmd,
  title={R markdown: The definitive guide},
  author={Xie, Yihui and Allaire, Joseph J and Grolemund, Garrett},
  year={2018},
  publisher={Chapman and Hall/CRC},
  url={https://bookdown.org/yihui/rmarkdown/}
}

@book{xie2016bookdown,
  title={Bookdown: authoring books and technical documents with R markdown},
  author={Xie, Yihui},
  year={2016},
  publisher={Chapman and Hall/CRC},
  url={https://bookdown.org/yihui/bookdown/a-single-document.html}
}

